@article{gairola2017estimating,
  title={Estimating burnup uncertainties in KSU TRIGA Mark II reactor and their impact on reactor safety},
  author={Gairola, A and Alshogeathri, S and Cheng, Y and Laramore, D and Bindra, H and Roberts, J},
  journal={Progress in Nuclear Energy},
  volume={99},
  pages={177--184},
  year={2017},
  publisher={Elsevier}
}
@inproceedings{abdo2018dds,
  title={Data-Driven Surrogate Model to Predict Isotopic Composition Using Dynamic Mode Decomposition},
  author={Abdo, Mohammad and Elzohery, Rabab and Roberts, Jeremy},
  booktitle={Proceedings of PHYSOR 2018: Reactor Physics Paving The Way Towards More Efficient Systems},
  month={April},
  location={Cancun, Mexico},
  year={2018}
}

@article{elzohery2018cbg,
  title={Comparison Between Gaussian Processes and DMD Surrogates for Isotopic Composition Prediction},
  author={Elzohery, Rabab and Abdo, Mohammad and Roberts, Jeremy},
  journal={Transactions of the American Nuclear Society},
  year={2018}
}
@article{bates2014pyne,
  title={PyNE progress report},
  author={Bates, Cameron R and Biondo, Elliott and Huff, Kathryn and Kiesling, Kalin and Scopatz, Anthony and Carlsen, Robert and Davis, Andrew and Gidden, Matthew and Haines, Tim and Howland, Joshua and others},
  year={2014}
}
